<record><leader>00000cas a22000007a 4500</leader><controlfield tag="001">21172188</controlfield><controlfield tag="008">900305d19uu1930ohuwr ne      0    0eng d</controlfield><datafield ind1=" " ind2=" " tag="010"><subfield code="a">sn 90068161 </subfield></datafield><datafield ind1=" " ind2=" " tag="040"><subfield code="a">ONP</subfield><subfield code="b">eng</subfield><subfield code="c">ONP</subfield><subfield code="d">OCLCQ</subfield></datafield><datafield ind1=" " ind2=" " tag="042"><subfield code="a">msc</subfield></datafield><datafield ind1="0" ind2=" " tag="130"><subfield code="a">Weekly herald (Osborn, Ohio)</subfield></datafield><datafield ind1="1" ind2="4" tag="245"><subfield code="a">The Weekly herald.</subfield></datafield><datafield ind1=" " ind2=" " tag="260"><subfield code="a">Osborn, Ohio :</subfield><subfield code="b">William R. Collins,</subfield><subfield code="c">-1930.</subfield></datafield><datafield ind1=" " ind2=" " tag="300"><subfield code="a">v.</subfield></datafield><datafield ind1=" " ind2=" " tag="310"><subfield code="a">Weekly</subfield></datafield><datafield ind1="0" ind2=" " tag="362"><subfield code="a">-v. 12, no. 13 (Apr. 4, 1930).</subfield></datafield><datafield ind1=" " ind2=" " tag="500"><subfield code="a">In 1950 Osborn and Fairfield merged to become Fairborn.</subfield></datafield><datafield ind1=" " ind2=" " tag="752"><subfield code="a">United States</subfield><subfield code="b">Ohio</subfield><subfield code="c">Greene</subfield><subfield code="d">Fairborn.</subfield></datafield><datafield ind1=" " ind2=" " tag="752"><subfield code="a">United States</subfield><subfield code="b">Ohio</subfield><subfield code="c">Greene</subfield><subfield code="d">Osborn.</subfield></datafield><datafield ind1="0" ind2="0" tag="785"><subfield code="t">Tri-county herald (Fairborn, Ohio)</subfield><subfield code="w">(DLC)sn 88077003</subfield></datafield></record>